<marcxml:record xmlns:xlink="http://www.w3.org/1999/xlink" xmlns:marcxml="http://www.loc.gov/MARC21/slim" xmlns:mets="http://www.loc.gov/METS/" xmlns:mxe="http://www.loc.gov/mxe" xmlns:rdf="http://www.w3.org/1999/02/22-rdf-syntax-ns#" xmlns:rdfs="http://www.w3.org/2000/01/rdf-schema#" xmlns:skos="http://www.w3.org/2004/02/skos/core#" xmlns:madsrdf="http://www.loc.gov/mads/rdf/v1#" xmlns:ri="http://id.loc.gov/ontologies/RecordInfo#" xmlns:sem="http://marklogic.com/semantics">
  <marcxml:leader>01657cz  a2200253n  4500</marcxml:leader>
  <marcxml:controlfield tag="001">nr93050817</marcxml:controlfield>
  <marcxml:controlfield tag="003">DLC</marcxml:controlfield>
  <marcxml:controlfield tag="005">20140411071133.0</marcxml:controlfield>
  <marcxml:controlfield tag="008">931210n| azannaabn          |a aaa     c</marcxml:controlfield>
  <marcxml:datafield tag="010" ind1=" " ind2=" ">
    <marcxml:subfield code="a">nr 93050817 </marcxml:subfield>
  </marcxml:datafield>
  <marcxml:datafield tag="035" ind1=" " ind2=" ">
    <marcxml:subfield code="a">(CMalG-V)33185</marcxml:subfield>
  </marcxml:datafield>
  <marcxml:datafield tag="035" ind1=" " ind2=" ">
    <marcxml:subfield code="a">(OCoLC)oca04000924</marcxml:subfield>
  </marcxml:datafield>
  <marcxml:datafield tag="040" ind1=" " ind2=" ">
    <marcxml:subfield code="a">CMalG-V</marcxml:subfield>
    <marcxml:subfield code="b">eng</marcxml:subfield>
    <marcxml:subfield code="e">rda</marcxml:subfield>
    <marcxml:subfield code="c">CMalG-V</marcxml:subfield>
    <marcxml:subfield code="d">NNC</marcxml:subfield>
  </marcxml:datafield>
  <marcxml:datafield tag="046" ind1=" " ind2=" ">
    <marcxml:subfield code="f">1871</marcxml:subfield>
    <marcxml:subfield code="g">1940</marcxml:subfield>
  </marcxml:datafield>
  <marcxml:datafield tag="100" ind1="1" ind2=" ">
    <marcxml:subfield code="a">Aldrich, Chester Holmes,</marcxml:subfield>
    <marcxml:subfield code="d">1871-1940</marcxml:subfield>
  </marcxml:datafield>
  <marcxml:datafield tag="370" ind1=" " ind2=" ">
    <marcxml:subfield code="a">Providence (R.I.)</marcxml:subfield>
    <marcxml:subfield code="f">New York (N.Y.)</marcxml:subfield>
    <marcxml:subfield code="2">naf</marcxml:subfield>
  </marcxml:datafield>
  <marcxml:datafield tag="372" ind1=" " ind2=" ">
    <marcxml:subfield code="a">Architecture</marcxml:subfield>
    <marcxml:subfield code="2">lcsh</marcxml:subfield>
  </marcxml:datafield>
  <marcxml:datafield tag="373" ind1=" " ind2=" ">
    <marcxml:subfield code="a">Carrère &amp; Hastings</marcxml:subfield>
    <marcxml:subfield code="a">Columbia University</marcxml:subfield>
    <marcxml:subfield code="2">naf</marcxml:subfield>
  </marcxml:datafield>
  <marcxml:datafield tag="374" ind1=" " ind2=" ">
    <marcxml:subfield code="a">Architects</marcxml:subfield>
    <marcxml:subfield code="2">lcsh</marcxml:subfield>
  </marcxml:datafield>
  <marcxml:datafield tag="375" ind1=" " ind2=" ">
    <marcxml:subfield code="a">male</marcxml:subfield>
  </marcxml:datafield>
  <marcxml:datafield tag="510" ind1="2" ind2=" ">
    <marcxml:subfield code="w">r</marcxml:subfield>
    <marcxml:subfield code="i">Founded corporate body:</marcxml:subfield>
    <marcxml:subfield code="a">Delano &amp; Aldrich</marcxml:subfield>
  </marcxml:datafield>
  <marcxml:datafield tag="670" ind1=" " ind2=" ">
    <marcxml:subfield code="a">RLIN data base, 02/01/96</marcxml:subfield>
    <marcxml:subfield code="b">(hdg.: Aldrich, Chester Holmes, 1871-1940; usage: Chester Holmes Aldrich)</marcxml:subfield>
  </marcxml:datafield>
  <marcxml:datafield tag="670" ind1=" " ind2=" ">
    <marcxml:subfield code="a">Macmillan encyc. of architects, 1982:</marcxml:subfield>
    <marcxml:subfield code="b">v. 1, p. 538 (Chester Holmes Aldrich (1871-1940); architect, partner in firm of Delano and Aldrich)</marcxml:subfield>
  </marcxml:datafield>
  <marcxml:datafield tag="670" ind1=" " ind2=" ">
    <marcxml:subfield code="a">Staten Island Savings Bank Building, 2006, via WWW, viewed April 8, 2014:</marcxml:subfield>
    <marcxml:subfield code="b">PDF page 1 caption (architects, Delano &amp; Aldrich) page 3 (The firm of Delano &amp; Aldrich; The partnership of William Adams Delano (1874-1950) and Chester Holmes Aldrich (1871-1940) first took shape over their drafting tables in the firm of Carrère &amp; Hastings where they met in 1898. Chester Aldrich, a native of Providence, Rhode Island, received his architectural degrees from Columbia University (1893) and the Ecôle des Beaux-Arts (1900) ... After receiving his diploma from the Ecôle des Beaux-Arts, he rejoined Carrère &amp; Hastings until 1903, when as they had agreed, he joined Delano to establish their own firm. Aldrich left the firm in 1935)</marcxml:subfield>
  </marcxml:datafield>
</marcxml:record>
